<?xml version="1.0" encoding="UTF-8"?><collection xmlns="http://www.loc.gov/MARC21/slim"><record><leader>00626nam--2200181-i-4500</leader><controlfield tag="001">000011869</controlfield><controlfield tag="002">20161230</controlfield><controlfield tag="005">20161230201029</controlfield><controlfield tag="008">060222s1000------------r-----000-0-fre-d</controlfield><datafield ind1=" " ind2=" " tag="040"><subfield code="a">IFIN-HH</subfield></datafield><datafield ind1=" " ind2=" " tag="041"><subfield code="a">fre</subfield></datafield><datafield ind1=" " ind2=" " tag="080"><subfield code="a">536.46</subfield></datafield><datafield ind1="1" ind2=" " tag="100"><subfield code="a">Caire-maurisier,Michel</subfield></datafield><datafield ind1="1" ind2="0" tag="245"><subfield code="a">La nitroglycerine dans les propergols: conformation - stabilite thermique - recherche de stabilisants et de modificateurs de combustion - migration a travers les vernis polyesters</subfield><subfield code="b">These</subfield><subfield code="c">Mivhel caire-maurisier</subfield></datafield><datafield ind1=" " ind2=" " tag="260"><subfield code="a">Bordeaux</subfield><subfield code="b">Universite De Bordeaux I</subfield><subfield code="c">1976</subfield></datafield><datafield ind1=" " ind2=" " tag="300"><subfield code="a">112 P</subfield></datafield><datafield ind1=" " ind2=" " tag="852"><subfield code="a">43945</subfield><subfield code="c">536</subfield></datafield><datafield ind1=" " ind2=" " tag="CAT"><subfield code="a">Sys</subfield><subfield code="c">20110509</subfield><subfield code="h">160342</subfield></datafield></record></collection>